% References for Shalika.tex

% LSxf
@article{LSxf,
  title={On the definition of transfer factors},
  author={Langlands, Robert P and Shelstad, Diana},
  journal={Mathematische Annalen},
  volume={278},
  number={1},
  pages={219--271},
  year={1987},
  publisher={Springer}
}

% waldspurger1997lemme,
@article{W,
  title={Le lemme fondamental implique le transfert},
  author={Waldspurger, J-L},
  journal={Compositio Mathematica},
  volume={105},
  number={02},
  pages={153--236},
  year={1997},
  publisher={Cambridge Univ Press}
}

% cluckers2008constructible,
@article{CL,
  title={Constructible motivic functions and motivic integration},
  author={Cluckers, Raf and Loeser, Fran{\c{c}}ois},
  journal={Inventiones mathematicae},
  volume={173},
  number={1},
  pages={23--121},
  year={2008},
  publisher={Springer}
}

% CLe
@article{CLe,
  title={},
  author={Cluckers, Raf and Loeser, Fran{\c{c}}ois}
}

% cluckers2011local,
@article{CGH,
  title={Local integrability results in harmonic analysis on reductive groups in large positive characteristic},
  author={Cluckers, Raf and Gordon, Julia and Halupczok, Immanuel},
  journal={arXiv preprint arXiv:1111.7057},
  year={2011}
}

@article{CGH2,
  title={Transfer Principles for bounds of motivic exponential functions},
  author={Cluckers, Raf and Gordon, Julia and Halupczok, Immanuel},
  journal={preprint},
  year={2014}
}

% cluckers2007transfer,
@article{CHL,
  title={Transfer principle for the fundamental lemma},
  author={Cluckers, Raf and Hales, Thomas and Loeser, Fran{\c{c}}ois},
  journal={arXiv preprint arXiv:0712.0708},
  year={2007}
}

% langlands1990descent,
@incollection{LSd,
  title={Descent for transfer factors},
  author={Langlands, R and Shelstad, Diana},
  booktitle={The {Grothendieck Festschrift}},
  pages={485--563},
  year={1990},
  publisher={Springer}
}

% G
@article{Gille,
  title={Rationality Properties of Linear Algebraic Groups and {Galois} Cohomology},
  author={Gille, Philippe},
  journal={MCM},
  year={2007}
}

% kottwitz1999transfer,
@article{Kott,
  title={Transfer factors for Lie algebras},
  author={Kottwitz, Robert},
  journal={Representation Theory of the American Mathematical Society},
  volume={3},
  number={6},
  pages={127--138},
  year={1999}
}

% gross2012june,
@article{Gross,
  title={Parahorics},
  author={Gross, Benedict H},
  year={2012}
}

% barbasch1997local,
@inproceedings{BM,
  title={Local character expansions},
  author={Barbasch, Dan and Moy, Allen},
  booktitle={Annales Scientifiques de l'{\'E}cole Normale Sup{\'e}rieure},
  volume={30},
  number={5},
  pages={553--567},
  year={1997},
  organization={Elsevier}
}

% debacker2002parametrizing,
@article{dB,
  title={Parametrizing nilpotent orbits via {Bruhat-Tits} theory},
  author={DeBacker, Stephen},
  journal={Annals of mathematics},
  pages={295--332},
  year={2002},
  publisher={JSTOR}
}

% ngo2010lemme,
@article{NBC,
  title={Le lemme fondamental pour les algebres de {Lie}},
  author={Ng{\^o}, Bao Ch{\^a}u},
  journal={Publications math{\'e}matiques de l'IH{\'E}S},
  volume={111},
  number={1},
  pages={1--169},
  year={2010},
  publisher={Springer}
}

% tits1966classification,
@inproceedings{Tits,
  title={Classification of algebraic semisimple groups},
  author={Tits, Jacques},
  booktitle={Algebraic Groups and Discontinuous Subgroups (Proc. Sympos. Pure Math., {Boulder, Colo.}, 1965)},
  volume={9},
  pages={33--62},
  year={1966}
}

@article{Sel,
 title={Klassificationstheorie halbeinfacher algebraischer {Gruppen}},
  author={Selbach, Martin},
  year={1976},
}

%petrov2011tits,
@article{Petrov,
  title={The {Tits} indices over semilocal rings},
  author={Petrov, Victor and Stavrova, Anastasia},
  journal={Transformation groups},
  volume={16},
  number={1},
  pages={193--217},
  year={2011},
  publisher={Springer}
}

%